<record><leader>00000cas a2200000 a 4500</leader><controlfield tag="001">12372394</controlfield><controlfield tag="008">850810d19581959hiuex ne      0    0eng d</controlfield><datafield ind1=" " ind2=" " tag="010"><subfield code="a">sn 85047205 </subfield></datafield><datafield ind1=" " ind2=" " tag="040"><subfield code="a">HUH</subfield><subfield code="b">eng</subfield><subfield code="c">HUH</subfield><subfield code="d">HWN</subfield><subfield code="d">OCL</subfield><subfield code="d">OCLCQ</subfield><subfield code="d">OCLCF</subfield><subfield code="d">OCLCO</subfield></datafield><datafield ind1=" " ind2=" " tag="042"><subfield code="a">msc</subfield></datafield><datafield ind1=" " ind2=" " tag="043"><subfield code="a">n-us-hi</subfield></datafield><datafield ind1=" " ind2=" " tag="090"><subfield code="a">AN2</subfield><subfield code="b">.H28</subfield></datafield><datafield ind1="0" ind2="0" tag="245"><subfield code="a">Hawaii Chinese weekly.</subfield></datafield><datafield ind1="1" ind2="3" tag="246"><subfield code="a">Pacifika</subfield><subfield code="f">Oct. 1958-Feb. 1959</subfield></datafield><datafield ind1=" " ind2=" " tag="260"><subfield code="a">Honolulu, Hawaii :</subfield><subfield code="b">[Diversified Publications],</subfield><subfield code="c">1958-1959.</subfield></datafield><datafield ind1=" " ind2=" " tag="300"><subfield code="a">2 v. :</subfield><subfield code="b">ill., ports. ;</subfield><subfield code="c">36 cm.</subfield></datafield><datafield ind1=" " ind2=" " tag="310"><subfield code="a">Biweekly,</subfield><subfield code="b">Feb.-Nov. 1959</subfield></datafield><datafield ind1=" " ind2=" " tag="321"><subfield code="a">Weekly,</subfield><subfield code="b">1958-Jan. 1959</subfield></datafield><datafield ind1="0" ind2=" " tag="362"><subfield code="a">Vol. 1, no. 1 (July 3, 1958)-v. 2, no. 24 [i.e. 25] (Nov. 16, 1959).</subfield></datafield><datafield ind1=" " ind2=" " tag="500"><subfield code="a">Editors: July-Sept. 1958, J.S.M.J. Chang; Oct. 1958-Jan.? 1959, M.S. Goo.</subfield></datafield><datafield ind1=" " ind2=" " tag="515"><subfield code="a">Vol. 2, no. 24 repeated in numbering.</subfield></datafield><datafield ind1=" " ind2=" " tag="525"><subfield code="a">News supplement called: Pacifika, accompanies some issues, Oct. 1958-Feb. 1959.</subfield></datafield><datafield ind1=" " ind2=" " tag="546"><subfield code="a">In English.</subfield></datafield><datafield ind1=" " ind2="0" tag="650"><subfield code="a">Chinese Americans</subfield><subfield code="z">Hawaii</subfield><subfield code="v">Newspapers.</subfield></datafield><datafield ind1=" " ind2="7" tag="655"><subfield code="a">Newspapers.</subfield><subfield code="2">fast</subfield><subfield code="0">(OCoLC)fst01423814</subfield></datafield><datafield ind1=" " ind2="7" tag="650"><subfield code="a">Chinese Americans.</subfield><subfield code="2">fast</subfield><subfield code="0">(OCoLC)fst00857249</subfield></datafield><datafield ind1=" " ind2="7" tag="651"><subfield code="a">Hawaii.</subfield><subfield code="2">fast</subfield><subfield code="0">(OCoLC)fst01208724</subfield></datafield><datafield ind1="1" ind2=" " tag="700"><subfield code="a">Chang, Joseph S. M. J.</subfield></datafield><datafield ind1="1" ind2=" " tag="700"><subfield code="a">Goo, Milton S.</subfield></datafield><datafield ind1=" " ind2=" " tag="752"><subfield code="a">United States</subfield><subfield code="b">Hawaii</subfield><subfield code="c">Honolulu</subfield><subfield code="d">Honolulu.</subfield></datafield></record>